@Comment{$ biblatex control file $}
@Comment{$ biblatex bcf format version 3.6 $}
% Do not modify this file!
%
% This is an auxiliary file used by the 'biblatex' package.
% This file may safely be deleted. It will be recreated as
% required.

@Control{biblatex-control,
  options = {3.6:0:0:1:0:1:1:0:0:1:0:2:3:1:3:1:0:0:3:1:79:+:+:nyt},
}

@inproceedings{coster-kauchak-2011-simple,
    title = "Simple {E}nglish {W}ikipedia: A New Text Simplification Task",
    author = "Coster, William  and
      Kauchak, David",
    booktitle = "Proceedings of the 49th Annual Meeting of the Association for Computational Linguistics: Human Language Technologies",
    month = jun,
    year = "2011",
    address = "Portland, Oregon, USA",
    publisher = "Association for Computational Linguistics",
    url = "https://www.aclweb.org/anthology/P11-2117",
    pages = "665--669",
}

@inproceedings{wubben-etal-2012-sentence,
    title = "Sentence Simplification by Monolingual Machine Translation",
    author = "Wubben, Sander  and
      van den Bosch, Antal  and
      Krahmer, Emiel",
    booktitle = "Proceedings of the 50th Annual Meeting of the Association for Computational Linguistics (Volume 1: Long Papers)",
    month = jul,
    year = "2012",
    address = "Jeju Island, Korea",
    publisher = "Association for Computational Linguistics",
    url = "https://www.aclweb.org/anthology/P12-1107",
    pages = "1015--1024",
}

@inproceedings{Canning:2000:CGS:647238.720905,
 author = {Canning, Yvonne and Tait, John and Archibald, Jackie and Crawley, Ros},
 title = {Cohesive Generation of Syntactically Simplified Newspaper Text},
 booktitle = {Proceedings of the Third International Workshop on Text, Speech and Dialogue},
 series = {TDS '00},
 year = {2000},
 isbn = {3-540-41042-2},
 pages = {145--150},
 numpages = {6},
 url = {http://dl.acm.org/citation.cfm?id=647238.720905},
 acmid = {720905},
 publisher = {Springer-Verlag},
 address = {London, UK, UK},
}

@inproceedings{carroll-etal-1999-simplifying,
    title = "Simplifying Text for Language-Impaired Readers",
    author = "Carroll, John  and
      Minnen, Guido  and
      Pearce, Darren  and
      Canning, Yvonne  and
      Devlin, Siobhan  and
      Tait, John",
    booktitle = "Ninth Conference of the {E}uropean Chapter of the Association for Computational Linguistics",
    month = jun,
    year = "1999",
    address = "Bergen, Norway",
    publisher = "Association for Computational Linguistics",
    url = "https://www.aclweb.org/anthology/E99-1042",
}

@inproceedings{Inui:2003:TSR:1118984.1118986,
 author = {Inui, Kentaro and Fujita, Atsushi and Takahashi, Tetsuro and Iida, Ryu and Iwakura, Tomoya},
 title = {Text Simplification for Reading Assistance: A Project Note},
 booktitle = {Proceedings of the Second International Workshop on Paraphrasing - Volume 16},
 series = {PARAPHRASE '03},
 year = {2003},
 location = {Sapporo, Japan},
 pages = {9--16},
 numpages = {8},
 url = {https://doi.org/10.3115/1118984.1118986},
 doi = {10.3115/1118984.1118986},
 acmid = {1118986},
 publisher = {Association for Computational Linguistics},
 address = {Stroudsburg, PA, USA},
} 

@article{de-belder-text-simplification-for-children,
author = {De Belder, Jan and Moens, Marie-Francine},
year = {2010},
month = {01},
pages = {},
title = {Text simplification for children}
}

@inproceedings{Watanabe:2009:FRA:1621995.1622002,
 author = {Watanabe, Willian Massami and Junior, Arnaldo Candido and Uz\^{e}da, Vin\'{\i}cius Rodriguez and Fortes, Renata Pontin de Mattos and Pardo, Thiago Alexandre Salgueiro and Alu\'{\i}sio, Sandra Maria},
 title = {Facilita: Reading Assistance for Low-literacy Readers},
 booktitle = {Proceedings of the 27th ACM International Conference on Design of Communication},
 series = {SIGDOC '09},
 year = {2009},
 isbn = {978-1-60558-559-8},
 location = {Bloomington, Indiana, USA},
 pages = {29--36},
 numpages = {8},
 url = {http://doi.acm.org/10.1145/1621995.1622002},
 doi = {10.1145/1621995.1622002},
 acmid = {1622002},
 publisher = {ACM},
 address = {New York, NY, USA},
 keywords = {summarization, textual simplification, usability, user centered design, web accessibility},
} 

@article{allen-role-of-relative-clauses,
author = {Allen, David},
year = {2009},
month = {12},
pages = {585-599},
title = {A study of the role of relative clauses in the simplification of news texts for learners of English},
volume = {37},
journal = {System},
doi = {10.1016/j.system.2009.09.004}
}

@inproceedings{Petersen2007TextSF,
  title={Text simplification for language learners: a corpus analysis},
  author={Sarah E. Petersen and Mari Ostendorf},
  booktitle={SLaTE},
  year={2007}
}

@inproceedings{Elhadad:2007:MLT:1572392.1572402,
 author = {Elhadad, Noemie and Sutaria, Komal},
 title = {Mining a Lexicon of Technical Terms and Lay Equivalents},
 booktitle = {Proceedings of the Workshop on BioNLP 2007: Biological, Translational, and Clinical Language Processing},
 series = {BioNLP '07},
 year = {2007},
 location = {Prague, Czech Republic},
 pages = {49--56},
 numpages = {8},
 url = {http://dl.acm.org/citation.cfm?id=1572392.1572402},
 acmid = {1572402},
 publisher = {Association for Computational Linguistics},
 address = {Stroudsburg, PA, USA},
} 

@inproceedings{Siddharthan:2010:RDC:1857999.1858142,
 author = {Siddharthan, Advaith and Katsos, Napoleon},
 title = {Reformulating Discourse Connectives for Non-expert Readers},
 booktitle = {Human Language Technologies: The 2010 Annual Conference of the North American Chapter of the Association for Computational Linguistics},
 series = {HLT '10},
 year = {2010},
 isbn = {1-932432-65-5},
 location = {Los Angeles, California},
 pages = {1002--1010},
 numpages = {9},
 url = {http://dl.acm.org/citation.cfm?id=1857999.1858142},
 acmid = {1858142},
 publisher = {Association for Computational Linguistics},
 address = {Stroudsburg, PA, USA},
} 

@inproceedings{Candido:2009:SAT:1609843.1609848,
 author = {Candido,Jr., Arnaldo and Maziero, Erick and Gasperin, Caroline and Pardo, Thiago A. S. and Specia, Lucia and Aluisio, Sandra M.},
 title = {Supporting the Adaptation of Texts for Poor Literacy Readers: A Text Simplification Editor for Brazilian Portuguese},
 booktitle = {Proceedings of the Fourth Workshop on Innovative Use of NLP for Building Educational Applications},
 series = {EdAppsNLP '09},
 year = {2009},
 isbn = {978-1-932432-37-4},
 location = {Boulder, Colorado},
 pages = {34--42},
 numpages = {9},
 url = {http://dl.acm.org/citation.cfm?id=1609843.1609848},
 acmid = {1609848},
 publisher = {Association for Computational Linguistics},
 address = {Stroudsburg, PA, USA},
} 

@inproceedings{glavas-stajner-2015-simplifying,
    title = "Simplifying Lexical Simplification: Do We Need Simplified Corpora?",
    author = "Glava{\v{s}}, Goran  and
      {\v{S}}tajner, Sanja",
    booktitle = "Proceedings of the 53rd Annual Meeting of the Association for Computational Linguistics and the 7th International Joint Conference on Natural Language Processing (Volume 2: Short Papers)",
    month = jul,
    year = "2015",
    address = "Beijing, China",
    publisher = "Association for Computational Linguistics",
    url = "https://www.aclweb.org/anthology/P15-2011",
    doi = "10.3115/v1/P15-2011",
    pages = "63--68",
}

@inproceedings{yatskar-etal-2010-sake,
    title = "For the sake of simplicity: Unsupervised extraction of lexical simplifications from {W}ikipedia",
    author = "Yatskar, Mark  and
      Pang, Bo  and
      Danescu-Niculescu-Mizil, Cristian  and
      Lee, Lillian",
    booktitle = "Human Language Technologies: The 2010 Annual Conference of the North {A}merican Chapter of the Association for Computational Linguistics",
    month = jun,
    year = "2010",
    address = "Los Angeles, California",
    publisher = "Association for Computational Linguistics",
    url = "https://www.aclweb.org/anthology/N10-1056",
    pages = "365--368",
}

@inproceedings{biran-etal-2011-putting,
    title = "Putting it Simply: a Context-Aware Approach to Lexical Simplification",
    author = "Biran, Or  and
      Brody, Samuel  and
      Elhadad, No{\'e}mie",
    booktitle = "Proceedings of the 49th Annual Meeting of the Association for Computational Linguistics: Human Language Technologies",
    month = jun,
    year = "2011",
    address = "Portland, Oregon, USA",
    publisher = "Association for Computational Linguistics",
    url = "https://www.aclweb.org/anthology/P11-2087",
    pages = "496--501",
}

@inproceedings{Devlin1998TheUO,
  title={The use of a psycholinguistic database in the simpli cation of text for aphasic readers},
  author={Siobhan Devlin and John Tait},
  year={1998}
}

@Article{Siddharthan2006,
    author="Siddharthan, Advaith",
    title="Syntactic Simplification and Text Cohesion",
    journal="Research on Language and Computation",
    year="2006",
    month="Jun",
    day="01",
    volume="4",
    number="1",
    pages="77--109",
    issn="1572-8706",
    doi="10.1007/s11168-006-9011-1",
    url="https://doi.org/10.1007/s11168-006-9011-1"
}

@inproceedings{filippova-strube-2008-dependency,
    title = "Dependency Tree Based Sentence Compression",
    author = "Filippova, Katja  and
      Strube, Michael",
    booktitle = "Proceedings of the Fifth International Natural Language Generation Conference",
    month = jun,
    year = "2008",
    address = "Salt Fork, Ohio, USA",
    publisher = "Association for Computational Linguistics",
    url = "https://www.aclweb.org/anthology/W08-1105",
    pages = "25--32",
}

@inproceedings{brouwers-etal-2014-syntactic,
    title = "Syntactic Sentence Simplification for {F}rench",
    author = "Brouwers, Laetitia  and
      Bernhard, Delphine  and
      Ligozat, Anne-Laure  and
      Fran{\c{c}}ois, Thomas",
    booktitle = "Proceedings of the 3rd Workshop on Predicting and Improving Text Readability for Target Reader Populations ({PITR})",
    month = apr,
    year = "2014",
    address = "Gothenburg, Sweden",
    publisher = "Association for Computational Linguistics",
    url = "https://www.aclweb.org/anthology/W14-1206",
    doi = "10.3115/v1/W14-1206",
    pages = "47--56",
}

@article{DBLP:journals/kbs/ChandrasekarS97,
  author    = {Raman Chandrasekar and Bangalore Srinivas},
  title     = {Automatic induction of rules for text simplification},
  journal   = {Knowl.-Based Syst.},
  volume    = {10},
  number    = {3},
  pages     = {183--190},
  year      = {1997},
  url       = {https://doi.org/10.1016/S0950-7051(97)00029-4},
  doi       = {10.1016/S0950-7051(97)00029-4},
  timestamp = {Sun, 28 May 2017 13:22:14 +0200},
  biburl    = {https://dblp.org/rec/bib/journals/kbs/ChandrasekarS97},
  bibsource = {dblp computer science bibliography, https://dblp.org}
}

@article{canning-simplification-of-newspaper-text,
author = {Canning, Y. and Taito, J.},
year = {1999},
month = {01},
pages = {},
title = {Syntactic simplification of newspaper text for aphasic readers}
}

@article{kandula-health-content,
author = {Kandula, Sasikiran and Curtis, Dorothy and Zeng-Treitler, Qing},
year = {2010},
month = {11},
pages = {366-70},
title = {A Semantic and Syntactic Text Simplification Tool for Health Content},
volume = {2010},
journal = {AMIA ... Annual Symposium proceedings / AMIA Symposium. AMIA Symposium}
}

@inproceedings{narayan-gardent-2014-hybrid,
    title = "Hybrid Simplification using Deep Semantics and Machine Translation",
    author = "Narayan, Shashi  and
      Gardent, Claire",
    booktitle = "Proceedings of the 52nd Annual Meeting of the Association for Computational Linguistics (Volume 1: Long Papers)",
    month = jun,
    year = "2014",
    address = "Baltimore, Maryland",
    publisher = "Association for Computational Linguistics",
    url = "https://www.aclweb.org/anthology/P14-1041",
    doi = "10.3115/v1/P14-1041",
    pages = "435--445",
}

@inproceedings{rush-etal-2015-neural,
    title = "A Neural Attention Model for Abstractive Sentence Summarization",
    author = "Rush, Alexander M.  and
      Chopra, Sumit  and
      Weston, Jason",
    booktitle = "Proceedings of the 2015 Conference on Empirical Methods in Natural Language Processing",
    month = sep,
    year = "2015",
    address = "Lisbon, Portugal",
    publisher = "Association for Computational Linguistics",
    url = "https://www.aclweb.org/anthology/D15-1044",
    doi = "10.18653/v1/D15-1044",
    pages = "379--389",
}

@inproceedings{Clarke:2006:MSC:1220175.1220223,
 author = {Clarke, James and Lapata, Mirella},
 title = {Models for Sentence Compression: A Comparison Across Domains, Training Requirements and Evaluation Measures},
 booktitle = {Proceedings of the 21st International Conference on Computational Linguistics and the 44th Annual Meeting of the Association for Computational Linguistics},
 series = {ACL-44},
 year = {2006},
 location = {Sydney, Australia},
 pages = {377--384},
 numpages = {8},
 url = {https://doi.org/10.3115/1220175.1220223},
 doi = {10.3115/1220175.1220223},
 acmid = {1220223},
 publisher = {Association for Computational Linguistics},
 address = {Stroudsburg, PA, USA},
} 

@inproceedings{filippova-etal-2015-sentence,
    title = "Sentence Compression by Deletion with {LSTM}s",
    author = "Filippova, Katja  and
      Alfonseca, Enrique  and
      Colmenares, Carlos A.  and
      Kaiser, Lukasz  and
      Vinyals, Oriol",
    booktitle = "Proceedings of the 2015 Conference on Empirical Methods in Natural Language Processing",
    month = sep,
    year = "2015",
    address = "Lisbon, Portugal",
    publisher = "Association for Computational Linguistics",
    url = "https://www.aclweb.org/anthology/D15-1042",
    doi = "10.18653/v1/D15-1042",
    pages = "360--368",
}

@article{Knight02summarizationbeyond,
author = {Knight, Kevin and Marcu, Daniel},
year = {2002},
month = {07},
pages = {91-107},
title = {Summarization beyond sentence extraction: A probabilistic approach to sentence compression},
volume = {139},
journal = {Artificial Intelligence},
doi = {10.1016/S0004-3702(02)00222-9}
}

@inproceedings{nisioi-etal-2017-exploring,
    title = "Exploring Neural Text Simplification Models",
    author = "Nisioi, Sergiu  and
      {\v{S}}tajner, Sanja  and
      Ponzetto, Simone Paolo  and
      Dinu, Liviu P.",
    booktitle = "Proceedings of the 55th Annual Meeting of the Association for Computational Linguistics (Volume 2: Short Papers)",
    month = jul,
    year = "2017",
    address = "Vancouver, Canada",
    publisher = "Association for Computational Linguistics",
    url = "https://www.aclweb.org/anthology/P17-2014",
    doi = "10.18653/v1/P17-2014",
    pages = "85--91",
    abstract = "We present the first attempt at using sequence to sequence neural networks to model text simplification (TS). Unlike the previously proposed automated TS systems, our neural text simplification (NTS) systems are able to simultaneously perform lexical simplification and content reduction. An extensive human evaluation of the output has shown that NTS systems achieve almost perfect grammaticality and meaning preservation of output sentences and higher level of simplification than the state-of-the-art automated TS systems",
}

@inproceedings{Specia:2010:TCS:2128464.2128471,
 author = {Specia, Lucia},
 title = {Translating from Complex to Simplified Sentences},
 booktitle = {Proceedings of the 9th International Conference on Computational Processing of the Portuguese Language},
 series = {PROPOR'10},
 year = {2010},
 isbn = {3-642-12319-8, 978-3-642-12319-1},
 location = {Porto Alegre, RS, Brazil},
 pages = {30--39},
 numpages = {10},
 url = {http://dx.doi.org/10.1007/978-3-642-12320-7_5},
 doi = {10.1007/978-3-642-12320-7_5},
 acmid = {2128471},
 publisher = {Springer-Verlag},
 address = {Berlin, Heidelberg},
 keywords = {portuguese, statistical machine translation, text simplification},
} 

@inproceedings{Wang:2016:TSU:3016387.3016551,
 author = {Wang, Tong and Chen, Ping and Rochford, John and Qiang, Jipeng},
 title = {Text Simplification Using Neural Machine Translation},
 booktitle = {Proceedings of the Thirtieth AAAI Conference on Artificial Intelligence},
 series = {AAAI'16},
 year = {2016},
 location = {Phoenix, Arizona},
 pages = {4270--7271},
 numpages = {3002},
 url = {http://dl.acm.org/citation.cfm?id=3016387.3016551},
 acmid = {3016551},
 publisher = {AAAI Press},
} 

@inproceedings{kajiwara-komachi-2016-building,
    title = "Building a Monolingual Parallel Corpus for Text Simplification Using Sentence Similarity Based on Alignment between Word Embeddings",
    author = "Kajiwara, Tomoyuki  and
      Komachi, Mamoru",
    booktitle = "Proceedings of {COLING} 2016, the 26th International Conference on Computational Linguistics: Technical Papers",
    month = dec,
    year = "2016",
    address = "Osaka, Japan",
    publisher = "The COLING 2016 Organizing Committee",
    url = "https://www.aclweb.org/anthology/C16-1109",
    pages = "1147--1158",
}

@inproceedings{scarton-etal-2018-text,
    title = "Text Simplification from Professionally Produced Corpora",
    author = "Scarton, Carolina  and
      Paetzold, Gustavo  and
      Specia, Lucia",
    booktitle = "Proceedings of the Eleventh International Conference on Language Resources and Evaluation ({LREC} 2018)",
    month = may,
    year = "2018",
    address = "Miyazaki, Japan",
    publisher = "European Language Resources Association (ELRA)",
    url = "https://www.aclweb.org/anthology/L18-1553",
}

@inproceedings{zhang-lapata-2017-sentence,
    title = "Sentence Simplification with Deep Reinforcement Learning",
    author = "Zhang, Xingxing  and
      Lapata, Mirella",
    booktitle = "Proceedings of the 2017 Conference on Empirical Methods in Natural Language Processing",
    month = sep,
    year = "2017",
    address = "Copenhagen, Denmark",
    publisher = "Association for Computational Linguistics",
    url = "https://www.aclweb.org/anthology/D17-1062",
    doi = "10.18653/v1/D17-1062",
    pages = "584--594",
}

@article{xu-etal-2015-problems,
    title = "Problems in Current Text Simplification Research: New Data Can Help",
    author = "Xu, Wei  and
      Callison-Burch, Chris  and
      Napoles, Courtney",
    journal = "Transactions of the Association for Computational Linguistics",
    volume = "3",
    year = "2015",
    url = "https://www.aclweb.org/anthology/Q15-1021",
    doi = "10.1162/tacl_a_00139",
    pages = "283--297",
    abstract = "Simple Wikipedia has dominated simplification research in the past 5 years. In this opinion paper, we argue that focusing on Wikipedia limits simplification research. We back up our arguments with corpus analysis and by highlighting statements that other researchers have made in the simplification literature. We introduce a new simplification dataset that is a significant improvement over Simple Wikipedia, and present a novel quantitative-comparative approach to study the quality of simplification data resources.",
}

@inproceedings{Miwa:2010:ESS:1873781.1873870,
 author = {Miwa, Makoto and S{\ae}tre, Rune and Miyao, Yusuke and Tsujii, Jun'ichi},
 title = {Entity-focused Sentence Simplification for Relation Extraction},
 booktitle = {Proceedings of the 23rd International Conference on Computational Linguistics},
 series = {COLING '10},
 year = {2010},
 location = {Beijing, China},
 pages = {788--796},
 numpages = {9},
 url = {http://dl.acm.org/citation.cfm?id=1873781.1873870},
 acmid = {1873870},
 publisher = {Association for Computational Linguistics},
 address = {Stroudsburg, PA, USA},
} 

@inproceedings{jonnalagadda-etal-2009-towards,
    title = "Towards Effective Sentence Simplification for Automatic Processing of Biomedical Text",
    author = {Jonnalagadda, Siddhartha  and
      Tari, Luis  and
      Hakenberg, J{\"o}rg  and
      Baral, Chitta  and
      Gonzalez, Graciela},
    booktitle = "Proceedings of Human Language Technologies: The 2009 Annual Conference of the North {A}merican Chapter of the Association for Computational Linguistics, Companion Volume: Short Papers",
    month = jun,
    year = "2009",
    address = "Boulder, Colorado",
    publisher = "Association for Computational Linguistics",
    url = "https://www.aclweb.org/anthology/N09-2045",
    pages = "177--180",
}

@inproceedings{vickrey-koller-2008-sentence,
    title = "Sentence Simplification for Semantic Role Labeling",
    author = "Vickrey, David  and
      Koller, Daphne",
    booktitle = "Proceedings of ACL-08: HLT",
    month = jun,
    year = "2008",
    address = "Columbus, Ohio",
    publisher = "Association for Computational Linguistics",
    url = "https://www.aclweb.org/anthology/P08-1040",
    pages = "344--352",
}

@inproceedings{stajner-popovic-2016-text,
    title = "Can Text Simplification Help Machine Translation?",
    author = "{\v{S}}tajner, Sanja  and
      Popovic, Maja",
    booktitle = "Proceedings of the 19th Annual Conference of the {E}uropean Association for Machine Translation",
    year = "2016",
    url = "https://www.aclweb.org/anthology/W16-3411",
    pages = "230--242",
}

@article{margarido,
author = {Margarido, Rafael and Pardo, Thiago and Antonio, Gabriel and Fuentes, Vinícius and Aires, Rachel and Aluisio, Sandra and Fortes, Renata},
year = {2008},
month = {10},
pages = {},
title = {Automatic summarization for text simplification: Evaluating text understanding by poor readers},
journal = {Proceedings of the XIV Brazilian Symposium on Multimedia and the Web},
doi = {10.1145/1809980.1810057}
}

@inproceedings{zhu-etal-2010-monolingual,
    title = "A Monolingual Tree-based Translation Model for Sentence Simplification",
    author = "Zhu, Zhemin  and
      Bernhard, Delphine  and
      Gurevych, Iryna",
    booktitle = "Proceedings of the 23rd International Conference on Computational Linguistics (Coling 2010)",
    month = aug,
    year = "2010",
    address = "Beijing, China",
    publisher = "Coling 2010 Organizing Committee",
    url = "https://www.aclweb.org/anthology/C10-1152",
    pages = "1353--1361",
}

@inproceedings{sulem-semantic-evaluation,
    title = "Semantic Structural Evaluation for Text Simplification",
    author = "Sulem, Elior  and
      Abend, Omri  and
      Rappoport, Ari",
    booktitle = "Proceedings of the 2018 Conference of the North {A}merican Chapter of the Association for Computational Linguistics: Human Language Technologies, Volume 1 (Long Papers)",
    month = jun,
    year = "2018",
    address = "New Orleans, Louisiana",
    publisher = "Association for Computational Linguistics",
    url = "https://www.aclweb.org/anthology/N18-1063",
    doi = "10.18653/v1/N18-1063",
    pages = "685--696"
}


@inproceedings{xu-etal-2012-paraphrasing,
    title = "Paraphrasing for Style",
    author = "Xu, Wei  and
      Ritter, Alan  and
      Dolan, Bill  and
      Grishman, Ralph  and
      Cherry, Colin",
    booktitle = "Proceedings of {COLING} 2012",
    month = dec,
    year = "2012",
    address = "Mumbai, India",
    publisher = "The COLING 2012 Organizing Committee",
    url = "https://www.aclweb.org/anthology/C12-1177",
    pages = "2899--2914",
}

@inproceedings{jhamtani-etal-2017-shakespearizing,
    title = "Shakespearizing Modern Language Using Copy-Enriched Sequence to Sequence Models",
    author = "Jhamtani, Harsh  and
      Gangal, Varun  and
      Hovy, Eduard  and
      Nyberg, Eric",
    booktitle = "Proceedings of the Workshop on Stylistic Variation",
    month = sep,
    year = "2017",
    address = "Copenhagen, Denmark",
    publisher = "Association for Computational Linguistics",
    url = "https://www.aclweb.org/anthology/W17-4902",
    doi = "10.18653/v1/W17-4902",
    pages = "10--19",
}

@article{carlson-bible,
author = {Carlson, Keith and Riddell, Allen and Rockmore, Daniel},
year = {2018},
month = {10},
pages = {171920},
title = {Evaluating prose style transfer with the Bible},
volume = {5},
journal = {Royal Society Open Science},
doi = {10.1098/rsos.171920}
}

@inproceedings{Paetzold:2016:ULS:3016387.3016433,
 author = {Paetzold, Gustavo H. and Specia, Lucia},
 title = {Unsupervised Lexical Simplification for Non-native Speakers},
 booktitle = {Proceedings of the Thirtieth AAAI Conference on Artificial Intelligence},
 series = {AAAI'16},
 year = {2016},
 location = {Phoenix, Arizona},
 pages = {3761--3767},
 numpages = {7},
 url = {http://dl.acm.org/citation.cfm?id=3016387.3016433},
 acmid = {3016433},
 publisher = {AAAI Press},
} 

@inproceedings{surya-etal-2019-unsupervised,
    title = "Unsupervised Neural Text Simplification",
    author = "Surya, Sai  and
      Mishra, Abhijit  and
      Laha, Anirban  and
      Jain, Parag  and
      Sankaranarayanan, Karthik",
    booktitle = "Proceedings of the 57th Annual Meeting of the Association for Computational Linguistics",
    month = jul,
    year = "2019",
    address = "Florence, Italy",
    publisher = "Association for Computational Linguistics",
    url = "https://www.aclweb.org/anthology/P19-1198",
    doi = "10.18653/v1/P19-1198",
    pages = "2058--2068",
}

@article{Zhang2018StyleTA,
  title={Style Transfer as Unsupervised Machine Translation},
  author={Zhirui Zhang and Shuo Ren and Shujie Liu and Jianyong Wang and Peng Chen and Mu Li and Ming Zhou and Enhong Chen},
  journal={ArXiv},
  year={2018},
  volume={abs/1808.07894}
}

@inproceedings{Shen:2017:STN:3295222.3295427,
 author = {Shen, Tianxiao and Lei, Tao and Barzilay, Regina and Jaakkola, Tommi},
 title = {Style Transfer from Non-parallel Text by Cross-alignment},
 booktitle = {Proceedings of the 31st International Conference on Neural Information Processing Systems},
 series = {NIPS'17},
 year = {2017},
 isbn = {978-1-5108-6096-4},
 location = {Long Beach, California, USA},
 pages = {6833--6844},
 numpages = {12},
 url = {http://dl.acm.org/citation.cfm?id=3295222.3295427},
 acmid = {3295427},
 publisher = {Curran Associates Inc.},
 address = {USA},
} 

@inproceedings{alva-manchego-etal-2019-easse,
    title = "{EASSE}: Easier Automatic Sentence Simplification Evaluation",
    author = "Alva-Manchego, Fernando  and
      Martin, Louis  and
      Scarton, Carolina  and
      Specia, Lucia",
    booktitle = "Proceedings of the 2019 Conference on Empirical Methods in Natural Language Processing and the 9th International Joint Conference on Natural Language Processing (EMNLP-IJCNLP): System Demonstrations",
    month = nov,
    year = "2019",
    address = "Hong Kong, China",
    publisher = "Association for Computational Linguistics",
    url = "https://www.aclweb.org/anthology/D19-3009",
    pages = "49--54"
}

@inproceedings{papineni-etal-2002-bleu,
    title = "{B}leu: a Method for Automatic Evaluation of Machine Translation",
    author = "Papineni, Kishore  and
      Roukos, Salim  and
      Ward, Todd  and
      Zhu, Wei-Jing",
    booktitle = "Proceedings of the 40th Annual Meeting of the Association for Computational Linguistics",
    month = jul,
    year = "2002",
    address = "Philadelphia, Pennsylvania, USA",
    publisher = "Association for Computational Linguistics",
    url = "https://www.aclweb.org/anthology/P02-1040",
    doi = "10.3115/1073083.1073135",
    pages = "311--318",
}

@article{xu-etal-2016-optimizing,
    title = "Optimizing Statistical Machine Translation for Text Simplification",
    author = "Xu, Wei  and
      Napoles, Courtney  and
      Pavlick, Ellie  and
      Chen, Quanze  and
      Callison-Burch, Chris",
    journal = "Transactions of the Association for Computational Linguistics",
    volume = "4",
    year = "2016",
    url = "https://www.aclweb.org/anthology/Q16-1029",
    doi = "10.1162/tacl_a_00107",
    pages = "401--415",
}

@inproceedings{ganitkevitch-etal-2013-ppdb,
    title = "{PPDB}: The Paraphrase Database",
    author = "Ganitkevitch, Juri  and
      Van Durme, Benjamin  and
      Callison-Burch, Chris",
    booktitle = "Proceedings of the 2013 Conference of the North {A}merican Chapter of the Association for Computational Linguistics: Human Language Technologies",
    month = jun,
    year = "2013",
    address = "Atlanta, Georgia",
    publisher = "Association for Computational Linguistics",
    url = "https://www.aclweb.org/anthology/N13-1092",
    pages = "758--764",
}

@inproceedings{sulem-etal-2018-bleu,
    title = "{BLEU} is Not Suitable for the Evaluation of Text Simplification",
    author = "Sulem, Elior  and
      Abend, Omri  and
      Rappoport, Ari",
    booktitle = "Proceedings of the 2018 Conference on Empirical Methods in Natural Language Processing",
    month = oct # "-" # nov,
    year = "2018",
    address = "Brussels, Belgium",
    publisher = "Association for Computational Linguistics",
    url = "https://www.aclweb.org/anthology/D18-1081",
    doi = "10.18653/v1/D18-1081",
    pages = "738--744"
}

@inproceedings{feng,
    title = "Text simplification: A survey.",
    author = "Feng",
    booktitle = "Text simplification: A survey",
    year = "2008",
    publisher = "The City University of New York, Technical Report",
}

@inproceedings{Kincaid1975DerivationON,
  title={Derivation Of New Readability Formulas (Automated Readability Index, Fog Count And Flesch Reading Ease Formula) For Navy Enlisted Personnel},
  author={J. Peter Kincaid and Robert P. Fishburne and Richard Lawrence Rogers and Brad S. Chissom},
  year={1975}
}

@inproceedings{lample2017unsupervised,
  title = {Unsupervised machine translation using monolingual corpora only},
  author = {Lample, Guillaume and Conneau, Alexis and Denoyer, Ludovic and Ranzato, Marc'Aurelio},
  booktitle = {International Conference on Learning Representations (ICLR)},
  year = {2018}
}

@inproceedings{artetxe2018iclr,
  author    = {Artetxe, Mikel  and  Labaka, Gorka  and  Agirre, Eneko  and  Cho, Kyunghyun},
  title     = {Unsupervised neural machine translation},
  booktitle = {Proceedings of the Sixth International Conference on Learning Representations},
  month     = {April},
  year      = {2018}
}

@inproceedings{conneau2017word,
  title = {Word Translation Without Parallel Data},
  author = {Conneau, Alexis and Lample, Guillaume and Ranzato, Marc'Aurelio and Denoyer, Ludovic and J\'egou, Herv\'e},
  booktitle = {International Conference on Learning Representations (ICLR)},
  year = {2018}
}

@inproceedings{lample2018phrase,
  title={Phrase-Based \& Neural Unsupervised Machine Translation},
  author={Lample, Guillaume and Ott, Myle and Conneau, Alexis and Denoyer, Ludovic and Ranzato, Marc'Aurelio},
  booktitle = {Proceedings of the 2018 Conference on Empirical Methods in Natural Language Processing (EMNLP)},
  year={2018}
}

@inproceedings{sennrich-etal-2016-improving,
    title = "Improving Neural Machine Translation Models with Monolingual Data",
    author = "Sennrich, Rico  and
      Haddow, Barry  and
      Birch, Alexandra",
    booktitle = "Proceedings of the 54th Annual Meeting of the Association for Computational Linguistics (Volume 1: Long Papers)",
    month = aug,
    year = "2016",
    address = "Berlin, Germany",
    publisher = "Association for Computational Linguistics",
    url = "https://www.aclweb.org/anthology/P16-1009",
    doi = "10.18653/v1/P16-1009",
    pages = "86--96",
}

@inproceedings{Radford2018,
    title = "Improving language understanding by generative pre-training",
    author = "Alec Radford, Karthik Narasimhan, Tim Salimans, and Ilya Sutskever",
    year = "2018",
    url = "https://s3-us-west-2.amazonaws.com/openaiassets/research-covers/languageunsupervised/language understanding paper.pdf",
}

@inproceedings{howard-ruder-2018-universal,
    title = "Universal Language Model Fine-tuning for Text Classification",
    author = "Howard, Jeremy  and
      Ruder, Sebastian",
    booktitle = "Proceedings of the 56th Annual Meeting of the Association for Computational Linguistics (Volume 1: Long Papers)",
    month = jul,
    year = "2018",
    address = "Melbourne, Australia",
    publisher = "Association for Computational Linguistics",
    url = "https://www.aclweb.org/anthology/P18-1031",
    doi = "10.18653/v1/P18-1031",
    pages = "328--339",
}

@inproceedings{Devlin2019BERTPO,
  title={BERT: Pre-training of Deep Bidirectional Transformers for Language Understanding},
  author={Jacob Devlin and Ming-Wei Chang and Kenton Lee and Kristina Toutanova},
  booktitle={NAACL-HLT},
  year={2019}
}

@incollection{NIPS2017_7181,
title = {Attention is All you Need},
author = {Vaswani, Ashish and Shazeer, Noam and Parmar, Niki and Uszkoreit, Jakob and Jones, Llion and Gomez, Aidan N and Kaiser, \L ukasz and Polosukhin, Illia},
booktitle = {Advances in Neural Information Processing Systems 30},
editor = {I. Guyon and U. V. Luxburg and S. Bengio and H. Wallach and R. Fergus and S. Vishwanathan and R. Garnett},
pages = {5998--6008},
year = {2017},
publisher = {Curran Associates, Inc.},
url = {http://papers.nips.cc/paper/7181-attention-is-all-you-need.pdf}
}

@inproceedings{wang-etal-2018-glue,
    title = "{GLUE}: A Multi-Task Benchmark and Analysis Platform for Natural Language Understanding",
    author = "Wang, Alex  and
      Singh, Amanpreet  and
      Michael, Julian  and
      Hill, Felix  and
      Levy, Omer  and
      Bowman, Samuel",
    booktitle = "Proceedings of the 2018 {EMNLP} Workshop {B}lackbox{NLP}: Analyzing and Interpreting Neural Networks for {NLP}",
    month = nov,
    year = "2018",
    address = "Brussels, Belgium",
    publisher = "Association for Computational Linguistics",
    url = "https://www.aclweb.org/anthology/W18-5446",
    doi = "10.18653/v1/W18-5446",
    pages = "353--355",
}

@inproceedings{ramachandran-etal-2017-unsupervised,
    title = "Unsupervised Pretraining for Sequence to Sequence Learning",
    author = "Ramachandran, Prajit  and
      Liu, Peter  and
      Le, Quoc",
    booktitle = "Proceedings of the 2017 Conference on Empirical Methods in Natural Language Processing",
    month = sep,
    year = "2017",
    address = "Copenhagen, Denmark",
    publisher = "Association for Computational Linguistics",
    url = "https://www.aclweb.org/anthology/D17-1039",
    doi = "10.18653/v1/D17-1039",
    pages = "383--391",
}

@article{Mikolov2013ExploitingSA,
  title={Exploiting Similarities among Languages for Machine Translation},
  author={Tomas Mikolov and Quoc V. Le and Ilya Sutskever},
  journal={ArXiv},
  year={2013},
  volume={abs/1309.4168}
}

@inproceedings{Faruqui2014ImprovingVS,
  title={Improving Vector Space Word Representations Using Multilingual Correlation},
  author={Manaal Faruqui and Chris Dyer},
  booktitle={EACL},
  year={2014}
}

@inproceedings{Xing2015NormalizedWE,
  title={Normalized Word Embedding and Orthogonal Transform for Bilingual Word Translation},
  author={Chao Xing and Dong Wang and Chao Liu and Yiye Lin},
  booktitle={HLT-NAACL},
  year={2015}
}

@article{Ammar2016MassivelyMW,
  title={Massively Multilingual Word Embeddings},
  author={Waleed Ammar and George Mulcaire and Yulia Tsvetkov and Guillaume Lample and Chris Dyer and Noah A. Smith},
  journal={ArXiv},
  year={2016},
  volume={abs/1602.01925}
}

@article{DBLP:journals/corr/SmithTHH17,
  author    = {Samuel L. Smith and
               David H. P. Turban and
               Steven Hamblin and
               Nils Y. Hammerla},
  title     = {Offline bilingual word vectors, orthogonal transformations and the
               inverted softmax},
  journal   = {CoRR},
  volume    = {abs/1702.03859},
  year      = {2017},
  url       = {http://arxiv.org/abs/1702.03859},
  archivePrefix = {arXiv},
  eprint    = {1702.03859},
  timestamp = {Mon, 13 Aug 2018 16:47:05 +0200},
  biburl    = {https://dblp.org/rec/bib/journals/corr/SmithTHH17},
  bibsource = {dblp computer science bibliography, https://dblp.org}
}

@article{lample2019cross,
  title={Cross-lingual Language Model Pretraining},
  author={Lample, Guillaume and Conneau, Alexis},
  journal={Advances in Neural Information Processing Systems (NeurIPS)},
  year={2019}
}

@article{Sennrich2015NeuralMT,
  title={Neural Machine Translation of Rare Words with Subword Units},
  author={Rico Sennrich and Barry Haddow and Alexandra Birch},
  journal={ArXiv},
  year={2015},
  volume={abs/1508.07909}
}

@article{zhao2018integrating,
  title={Integrating Transformer and Paraphrase Rules for Sentence Simplification},
  author={Zhao, Sanqiang and Meng, Rui and He, Daqing and Andi, Saptono and Bambang, Parmanto},
  journal={arXiv preprint arXiv:1810.11193},
  year={2018}
}

@inproceedings{pavlick-callison-burch-2016-simple,
    title = "Simple {PPDB}: A Paraphrase Database for Simplification",
    author = "Pavlick, Ellie  and
      Callison-Burch, Chris",
    booktitle = "Proceedings of the 54th Annual Meeting of the Association for Computational Linguistics (Volume 2: Short Papers)",
    month = aug,
    year = "2016",
    address = "Berlin, Germany",
    publisher = "Association for Computational Linguistics",
    url = "https://www.aclweb.org/anthology/P16-2024",
    doi = "10.18653/v1/P16-2024",
    pages = "143--148",
}

@inproceedings{Kauchak2013ImprovingTS,
  title={Improving Text Simplification Language Modeling Using Unsimplified Text Data},
  author={David Kauchak},
  booktitle={ACL},
  year={2013}
}

@inproceedings{Woodsend2011LearningTS,
  title={Learning to Simplify Sentences with Quasi-Synchronous Grammar and Integer Programming},
  author={Kristian Woodsend and Mirella Lapata},
  booktitle={EMNLP},
  year={2011}
}

@article{Hill2015TheGP,
  title={The Goldilocks Principle: Reading Children's Books with Explicit Memory Representations},
  author={Felix Hill and Antoine Bordes and Sumit Chopra and Jason Weston},
  journal={CoRR},
  year={2015},
  volume={abs/1511.02301}
}

@book{Dubitzky,
  author    = {Dubitzky, Werner; Granzow, Martin; Berrar, Daniel}, 
  title     = {Fundamentals of data mining in genomics and proteomics.},
  publisher = {Springer Science \& Business Media},
  year      = 2007,
  pages=178
}
